@manual{inmetro2003,
	Author = {INMETRO},
	Title = {Vocabulário internacional de termos fundamentais e gerais de
	metrologia},
	Year = {2013},
	Address = {Rio de Janeiro, Brasil},
	Pages = {75},
	isbn = {85-87090-90-9},
}

@inproceedings{soviero1997,
	Author = {P. A. O. Soviero and L. G. M. Lavagna},
	Title = {A Numerical Model for Thin Airfoils in Unsteady Motion},
	Year = {1997},
	Pages = {332-340},
	Volume = {19},
	Number = {3},
	Booktitle = {Journal of the Brazilian Societyt Mechanical Sciences},
}

@inproceedings{sparrow1980,
	Author = {E. M. Sparrow},
	Title = {Forced Convection Heat Transfer in a Duct Having Spanwise-Periodic
	Rectangular Protuberances},
	Year = {1980},
	Pages = {149-167},
	Volume = {3},
	Booktitle = {Numerical Heat Transfer},
}

@article{clark1986,
	Author = {J. A. Clark},
	Title = {Private Communication},
	Year = {1986},
	Address = {University of Michigan},
}

@article{arruda2007,
	Author = {M. B. B. Arruda},
	Title = {Como fazer referências: bibliográficas, eletrônicas e demais
	formas de documentos},
	Year = {2007},
	Url = {http://bu.ufsc.br/framerefer.html}
}

@article{coimbra1978,
	Author = {A. L. Coimbra},
	Title = {Lessons of Continuum Mechanics},
	Year = {1978},
	Address = {São Paulo, Brazil},
	Pages = {428},
	Editor = {Edgard Blücher},
}

@inproceedings{bordalo1989,
	Author = {S. N. Bordalo and J. H. Ferziger and S. J. Kline},
	Title = {The Development of Zonal Models for Turbulence},
	Year = {1989},
	Pages = {41-44},
	Booktitle = {Proceedings of the 10th Brazilian Congress of Mechanical
	Engineering},
	Volume = {1},
}

@manual{NBR6034:2000,
	Address = {Rio de Janeiro},
	Org-Short = {ABNT},
	Organization = {Associa{\c c}\~ao Brasileira de Normas T\'ecnicas},
	Subtitle = {Informa{\c c}\~ao e documenta{\c c}\~ao --- Referências},
	Title = {{NBR} 14724},
	Year = 2000
}

@manual{OMG06,
	Address = {},
	Org-Short = {OMG06},
	Organization = {OMG06},
	Subtitle = {OMG Avaliable Specification Version 4.0},
	Title = {Deployment and configuration of component-based distributed
	applications},
	Year = 2006
}

@inproceedings{arthur&carlos2014,
	Author = {Arthur M. Del Esposte and Carlos F. L. Bezerra},
	Title = {Tomada de decisões orientadas a métricas de software: observações de métricas de produto e vulnerabilidades de software via DW e Plataforma de monitoramente de código-fonte},
	Year = {2014},
	Address = {Universidade de Brasília, FGA, Brasília},
}

@inproceedings{leo2014,
	Author = {Leonardo Alexandre Ferreira Leite},
	Title = {Implantação automatizada de composições de serviços web de grande escala},
	Year = {2014},
	Address = {USP, São Paulo},
}

@article{deployment1998,
	Author = {Antonio Carzaniga and Alfonso Fuggetta and Richard Hall and Dennis Heimbigner and André van der Hoek and Alexander Wolf},
	Title = {A Characterization Framework for Software Deployment Technologies},
	Year = {1998},
	Address = {Department of Computer Science,University of Colorado,Boulder,CO}
}

@article{omg2006,
	Author = {OMG},
	Title = {Deployment and Configuration of Component-based
Distributed Applications Specification},
	Year = {2006},
	Url = {http://www.omg.org/spec/DEPL/4.0/}
}

@inproceedings{humble2010,
	Author = {Jez Humble and David Farley},
	Title = {Continuous Delivery: Reliable Software Releases through Build, Test, and Deployment Automation},
	Year = {2010},
	Editor = {Addison-Wesley}
}

@manual{bitnami,
	Author = {Bitnami},
	Title = {What is Bitnami},
	Year = {2015},
	Url = {https://bitnami.com/learn_more}
}

@manual{sandstormio,
	Author = {Sandstorm.io},
	Title = {What is Sandstorm?},
	Year = {2015},
	Url = {https://docs.sandstorm.io/en/latest/}
}

@manual{juju,
	Author = {JuJu},
	Title = {What is juju?},
	Year = {2015},
	Url = {https://jujucharms.com/docs/stable/about-juju}
}

@book{marconi2002tecnicas,
  title={T{\'e}cnicas de pesquisa},
  author={Marconi, Marina de Andrade and Lakatos, Eva Maria and others},
  volume={2},
  year={2002},
  publisher={S{\~a}o Paulo: Atlas}
}

@article{moresi2003metodologia,
  title={Metodologia da pesquisa},
  author={Moresi, Eduardo and others},
  journal={Universidade Cat{\'o}lica de Bras{\'\i}lia},
  year={2003}
}

@book{gerhardt2009metodos,
  title={M{\'e}todos de pesquisa},
  author={Gerhardt, Tatiana Engel and Silveira, Denise Tolfo},
  year={2009},
  publisher={PLAGEDER}
}


@book{trivinos1987introduccao,
  title={Introdu{\c{c}}{\~a}o {\`a} pesquisa em ci{\^e}ncias sociais: a pesquisa qualitativa em educa{\c{c}}{\~a}o},
  author={Trivi{\~n}os, Augusto Nibaldo Silva},
  year={1987},
  publisher={Atlas}
}

@book{andre2008estudo,
  title={Estudo de caso em pesquisa e avalia{\c{c}}{\~a}o educacional},
  author={Andr{\'e}, Maria Eliza Dalmazo Afonso de},
  year={2008},
  publisher={L{\'\i}ber Livro}
}
